@incollection{kulkarni,
	author	= "Parag Kulkarni",
	title	= "Introduction to Reinforcement and Systemic Machine Learning",
	booktitle= "Reinforcement and Systemic Machine Learning for Decision Making",
	publisher= "Wiley-IEEE Press ",
	pages	= "1-21",
	edition= "1",
	year	= "2012",
}
@online{website:ng,
  author = {Andrew Ng},
  title = {Machine Learning},
  year = 2016,
  url = {https://www.coursera.org/learn/machine-learning/},
  urldate = {2016-04-24}
}

@online{website:domingos,
  author = {Pedro Domingos},
  title = {Machine Learning},
  year = 2016,
  url = {https://class.coursera.org/machlearning-001/lecture},
  urldate = {2016-04-24}
}